

@article{ostriker1973,
        adsnote = {Provided by the SAO/NASA Astrophysics Data System},
        adsurl = {http://adsabs.harvard.edu/abs/1973ApJ...186..467O},
        author = {{Ostriker}, J.~P. and {Peebles}, P.~J.~E.},
        date-added = {2016-11-01 16:32:25 +0000},
        date-modified = {2016-11-01 16:32:25 +0000},
        doi = {10.1086/152513},
        journal = {\apj},
        month = dec,
        pages = {467-480},
        title = {{A Numerical Study of the Stability of Flattened Galaxies: or, can Cold Galaxies Survive?}},
        volume = 186,
        year = 1973,
        Bdsk-Url-1 = {http://dx.doi.org/10.1086/152513}}

@article{toth1992,
        adsnote = {Provided by the SAO/NASA Astrophysics Data System},
        adsurl = {http://adsabs.harvard.edu/abs/1992ApJ...389....5T},
        author = {{Toth}, G. and {Ostriker}, J.~P.},
        date-added = {2009-10-20 16:21:14 +0200},
        date-modified = {2009-10-20 16:21:15 +0200},
        doi = {10.1086/171185},
        journal = {\apj},
        keywords = {ASTRONOMICAL MODELS, COSMOLOGY, GALACTIC STRUCTURE, MILKY WAY GALAXY, SPIRAL GALAXIES, ACCRETION DISKS, CIRCULAR ORBITS, DARK MATTER, GALACTIC EVOLUTION, HALOS},
        month = apr,
        pages = {5-26},
        title = {{Galactic disks, infall, and the global value of Omega}},
        volume = 389,
        year = 1992,
        Bdsk-Url-1 = {http://dx.doi.org/10.1086/171185}}

@ARTICLE{fall1980,
       author = {{Fall}, S.~M. and {Efstathiou}, G.},
        title = "{Formation and rotation of disc galaxies with haloes.}",
      journal = {\mnras},
     keywords = {Disk Galaxies, Galactic Evolution, Galactic Rotation, Galactic Structure, Halos, Angular Momentum, Astronomical Models, Interstellar Gas, Mass Ratios, Astrophysics},
         year = 1980,
        month = oct,
       volume = {193},
        pages = {189-206},
          doi = {10.1093/mnras/193.2.189},
       adsurl = {https://ui.adsabs.harvard.edu/abs/1980MNRAS.193..189F},
      adsnote = {Provided by the SAO/NASA Astrophysics Data System}
}

@article{mo1998,
        adsnote = {Provided by the SAO/NASA Astrophysics Data System},
        adsurl = {http://adsabs.harvard.edu/abs/1998MNRAS.295..319M},
        author = {{Mo}, H.~J. and {Mao}, S. and {White}, S.~D.~M.},
        date-added = {2009-10-15 10:38:55 +0200},
        date-modified = {2009-10-15 10:38:57 +0200},
        doi = {10.1046/j.1365-8711.1998.01227.x},
        eprint = {arXiv:astro-ph/9707093},
        journal = {\mnras},
        keywords = {GALAXIES: FORMATION, GALAXIES: SPIRAL, GALAXIES: STRUCTURE, COSMOLOGY: THEORY, DARK MATTER},
        month = apr,
        pages = {319-336},
        title = {{The formation of galactic discs}},
        volume = 295,
        year = 1998,
        Bdsk-Url-1 = {http://dx.doi.org/10.1046/j.1365-8711.1998.01227.x}}



@article{eggen1962,
        adsnote = {Provided by the SAO/NASA Astrophysics Data System},
        adsurl = {http://adsabs.harvard.edu/abs/1962ApJ...136..748E},
        author = {{Eggen}, O.~J. and {Lynden-Bell}, D. and {Sandage}, A.~R.},
        date-added = {2013-03-07 03:35:36 +0000},
        date-modified = {2013-03-07 03:35:37 +0000},
        doi = {10.1086/147433},
        journal = {\apj},
        month = nov,
        pages = {748},
        title = {{Evidence from the motions of old stars that the Galaxy collapsed.}},
        volume = 136,
        year = 1962,
        Bdsk-Url-1 = {http://dx.doi.org/10.1086/147433}}
        
        @ARTICLE{Peebles69,
       author = {{Peebles}, P.~J.~E.},
        title = "{Origin of the Angular Momentum of Galaxies}",
      journal = {\apj},
         year = 1969,
        month = feb,
       volume = {155},
        pages = {393},
          doi = {10.1086/149876},
       adsurl = {https://ui.adsabs.harvard.edu/abs/1969ApJ...155..393P},
      adsnote = {Provided by the SAO/NASA Astrophysics Data System}
}
@ARTICLE{GK18,
       author = {{Garrison-Kimmel}, Shea and {Hopkins}, Philip F. and {Wetzel}, Andrew and {El-Badry}, Kareem and {Sanderson}, Robyn E. and {Bullock}, James S. and {Ma}, Xiangcheng and {van de Voort}, Freeke and {Hafen}, Zachary and {Faucher-Gigu{\`e}re}, Claude-Andr{\'e} and {Hayward}, Christopher C. and {Quataert}, Eliot and {Kere{\v{s}}}, Du{\v{s}}an and {Boylan-Kolchin}, Michael},
        title = "{The origin of the diverse morphologies and kinematics of Milky Way-mass galaxies in the FIRE-2 simulations}",
      journal = {\mnras},
     keywords = {galaxies: bulges, galaxies: evolution, galaxies: formation, galaxies: spiral, galaxies: structure, cosmology: theory, Astrophysics - Astrophysics of Galaxies},
         year = 2018,
        month = dec,
       volume = {481},
       number = {3},
        pages = {4133-4157},
          doi = {10.1093/mnras/sty2513},
archivePrefix = {arXiv},
       eprint = {1712.03966},
 primaryClass = {astro-ph.GA},
       adsurl = {https://ui.adsabs.harvard.edu/abs/2018MNRAS.481.4133G},
      adsnote = {Provided by the SAO/NASA Astrophysics Data System}
}

@ARTICLE{B01,
       author = {{Bullock}, J.~S. and {Dekel}, A. and {Kolatt}, T.~S. and {Kravtsov}, A.~V. and {Klypin}, A.~A. and {Porciani}, C. and {Primack}, J.~R.},
        title = "{A Universal Angular Momentum Profile for Galactic Halos}",
      journal = {\apj},
     keywords = {Cosmology: Dark Matter, Galaxies: Formation, Galaxies: Halos, Galaxies: Structure, Astrophysics},
         year = 2001,
        month = jul,
       volume = {555},
       number = {1},
        pages = {240-257},
          doi = {10.1086/321477},
archivePrefix = {arXiv},
       eprint = {astro-ph/0011001},
 primaryClass = {astro-ph},
       adsurl = {https://ui.adsabs.harvard.edu/abs/2001ApJ...555..240B},
      adsnote = {Provided by the SAO/NASA Astrophysics Data System}
}
@ARTICLE{DeFelippis20,
       author = {{DeFelippis}, Daniel and {Genel}, Shy and {Bryan}, Greg L. and {Nelson}, Dylan and {Pillepich}, Annalisa and {Hernquist}, Lars},
        title = "{The Angular Momentum of the Circumgalactic Medium in the TNG100 Simulation}",
      journal = {\apj},
     keywords = {Galaxy formation, Galaxy dynamics, Galaxy kinematics, Galaxy structure, Circumgalactic medium, Hydrodynamical simulations, 595, 591, 602, 622, 1879, 767, Astrophysics - Astrophysics of Galaxies},
         year = 2020,
        month = may,
       volume = {895},
       number = {1},
          eid = {17},
        pages = {17},
          doi = {10.3847/1538-4357/ab8a4a},
archivePrefix = {arXiv},
       eprint = {2004.07846},
 primaryClass = {astro-ph.GA},
       adsurl = {https://ui.adsabs.harvard.edu/abs/2020ApJ...895...17D},
      adsnote = {Provided by the SAO/NASA Astrophysics Data System}
}
@ARTICLE{Stewart13,
       author = {{Stewart}, Kyle R. and {Brooks}, Alyson M. and {Bullock}, James S. and {Maller}, Ariyeh H. and {Diemand}, J{\"u}rg and {Wadsley}, James and {Moustakas}, Leonidas A.},
        title = "{Angular Momentum Acquisition in Galaxy Halos}",
      journal = {\apj},
     keywords = {galaxies: evolution, galaxies: formation, galaxies: halos, galaxies: kinematics and dynamics, intergalactic medium, methods: numerical, Astrophysics - Cosmology and Extragalactic Astrophysics},
         year = 2013,
        month = may,
       volume = {769},
       number = {1},
          eid = {74},
        pages = {74},
          doi = {10.1088/0004-637X/769/1/74},
archivePrefix = {arXiv},
       eprint = {1301.3143},
 primaryClass = {astro-ph.CO},
       adsurl = {https://ui.adsabs.harvard.edu/abs/2013ApJ...769...74S},
      adsnote = {Provided by the SAO/NASA Astrophysics Data System}
}

@ARTICLE{MMW98,
       author = {{Mo}, H.~J. and {Mao}, Shude and {White}, Simon D.~M.},
        title = "{The formation of galactic discs}",
      journal = {\mnras},
     keywords = {GALAXIES: FORMATION, GALAXIES: SPIRAL, GALAXIES: STRUCTURE, COSMOLOGY: THEORY, DARK MATTER, Astrophysics},
         year = 1998,
        month = apr,
       volume = {295},
       number = {2},
        pages = {319-336},
          doi = {10.1046/j.1365-8711.1998.01227.x},
archivePrefix = {arXiv},
       eprint = {astro-ph/9707093},
 primaryClass = {astro-ph},
       adsurl = {https://ui.adsabs.harvard.edu/abs/1998MNRAS.295..319M},
      adsnote = {Provided by the SAO/NASA Astrophysics Data System}
}

